
<srw:record>
<srw:recordSchema>marcxchange</srw:recordSchema>
<srw:recordPacking>xml</srw:recordPacking>
<srw:recordData>
<mxc:record xmlns:mxc="info:lc/xmlns/marcxchange-v2" format="INTERMARC" id="ark:/12148/cb45270203j" type="Bibliographic">   <mxc:leader>00323c9 m 2200027   45i </mxc:leader>   <mxc:controlfield tag="001">FRBNF452702030000007</mxc:controlfield>   <mxc:controlfield tag="003">http://catalogue.bnf.fr/ark:/12148/cb45270203j</mxc:controlfield>   <mxc:controlfield tag="008">170512s                      #####     b      </mxc:controlfield>   <mxc:controlfield tag="009">i                     </mxc:controlfield>   <mxc:datafield tag="051" ind1=" " ind2=" ">      <mxc:subfield code="a">sti</mxc:subfield>      <mxc:subfield code="b">n</mxc:subfield>   </mxc:datafield>   <mxc:datafield tag="245" ind1="1" ind2=" ">      <mxc:subfield code="a">[Recueil. Archives du fonds Seeberger]</mxc:subfield>   </mxc:datafield>   <mxc:datafield tag="280" ind1=" " ind2=" ">      <mxc:subfield code="a">185 doc. divers</mxc:subfield>   </mxc:datafield>   <mxc:datafield tag="285" ind1=" " ind2=" ">      <mxc:subfield code="f">document pésentant des techniques mixtes</mxc:subfield>   </mxc:datafield>   <mxc:datafield tag="450" ind1=" " ind2=" ">      <mxc:subfield code="3">46661565</mxc:subfield>      <mxc:subfield code="t">[Recueil. Archives du studio Séeberger frères]</mxc:subfield>   </mxc:datafield>
</mxc:record>      </srw:recordData>
<srw:recordIdentifier>ark:/12148/cb45270203j</srw:recordIdentifier>
<srw:recordPosition>3</srw:recordPosition>
<srw:extraRecordData>
<ixm:attr name="CreationDate">20170512</ixm:attr>
<ixm:attr name="LastModificationDate">20201202</ixm:attr>
<mn:score>0.071030825</mn:score>
</srw:extraRecordData>
</srw:record>