
<srw:record>
<srw:recordSchema>marcxchange</srw:recordSchema>
<srw:recordPacking>xml</srw:recordPacking>
<srw:recordData>
<mxc:record xmlns:mxc="info:lc/xmlns/marcxchange-v2" format="INTERMARC" id="ark:/12148/cb42561146p" type="Bibliographic">   <mxc:leader>00303c9 m 2200027   45i </mxc:leader>   <mxc:controlfield tag="001">FRBNF425611460000002</mxc:controlfield>   <mxc:controlfield tag="003">http://catalogue.bnf.fr/ark:/12148/cb42561146p</mxc:controlfield>   <mxc:controlfield tag="008">111206s                      fr###     b      </mxc:controlfield>   <mxc:controlfield tag="009">i                     </mxc:controlfield>   <mxc:datafield tag="051" ind1=" " ind2=" ">      <mxc:subfield code="a">sti</mxc:subfield>      <mxc:subfield code="b">n</mxc:subfield>   </mxc:datafield>   <mxc:datafield tag="245" ind1="1" ind2=" ">      <mxc:subfield code="a">Mekanik copulaire n° 2</mxc:subfield>      <mxc:subfield code="e">[livre graphique]</mxc:subfield>   </mxc:datafield>   <mxc:datafield tag="260" ind1=" " ind2=" ">      <mxc:subfield code="d">2011</mxc:subfield>   </mxc:datafield>   <mxc:datafield tag="280" ind1=" " ind2=" ">      <mxc:subfield code="a">1</mxc:subfield>      <mxc:subfield code="d">24 x 20 cm</mxc:subfield>   </mxc:datafield>   <mxc:datafield tag="285" ind1=" " ind2=" ">      <mxc:subfield code="f">impression photomécanique</mxc:subfield>   </mxc:datafield>   <mxc:datafield tag="422" ind1=" " ind2="0">      <mxc:subfield code="3">42467262</mxc:subfield>      <mxc:subfield code="t">Mekanik copulaire</mxc:subfield>      <mxc:subfield code="x">2117-3397</mxc:subfield>   </mxc:datafield>
</mxc:record>      </srw:recordData>
<srw:recordIdentifier>ark:/12148/cb42561146p</srw:recordIdentifier>
<srw:recordPosition>4</srw:recordPosition>
<srw:extraRecordData>
<ixm:attr name="CreationDate">20111206</ixm:attr>
<ixm:attr name="LastModificationDate">20130527</ixm:attr>
<mn:score>0.071030825</mn:score>
</srw:extraRecordData>
</srw:record>