
<srw:record>
<srw:recordSchema>marcxchange</srw:recordSchema>
<srw:recordPacking>xml</srw:recordPacking>
<srw:recordData>
<mxc:record xmlns:mxc="info:lc/xmlns/marcxchange-v2" format="INTERMARC" id="ark:/12148/cb42710593c" type="Bibliographic">   <mxc:leader>00305c9 m 2200027   45i </mxc:leader>   <mxc:controlfield tag="001">FRBNF427105930000007</mxc:controlfield>   <mxc:controlfield tag="003">http://catalogue.bnf.fr/ark:/12148/cb42710593c</mxc:controlfield>   <mxc:controlfield tag="008">120717s                      fr###     b      </mxc:controlfield>   <mxc:controlfield tag="009">i                     </mxc:controlfield>   <mxc:datafield tag="051" ind1=" " ind2=" ">      <mxc:subfield code="a">sti</mxc:subfield>      <mxc:subfield code="b">n</mxc:subfield>   </mxc:datafield>   <mxc:datafield tag="245" ind1="1" ind2=" ">      <mxc:subfield code="a">Mékanik copulaire n° 4</mxc:subfield>      <mxc:subfield code="e">[livre graphique]</mxc:subfield>   </mxc:datafield>   <mxc:datafield tag="260" ind1=" " ind2=" ">      <mxc:subfield code="d">2012</mxc:subfield>   </mxc:datafield>   <mxc:datafield tag="280" ind1=" " ind2=" ">      <mxc:subfield code="a">1</mxc:subfield>      <mxc:subfield code="d">24 x 19,5 cm</mxc:subfield>   </mxc:datafield>   <mxc:datafield tag="285" ind1=" " ind2=" ">      <mxc:subfield code="f">impression photomécanique</mxc:subfield>   </mxc:datafield>   <mxc:datafield tag="422" ind1=" " ind2="0">      <mxc:subfield code="3">42467262</mxc:subfield>      <mxc:subfield code="t">Mekanik copulaire</mxc:subfield>      <mxc:subfield code="x">2117-3397</mxc:subfield>   </mxc:datafield>
</mxc:record>      </srw:recordData>
<srw:recordIdentifier>ark:/12148/cb42710593c</srw:recordIdentifier>
<srw:recordPosition>5</srw:recordPosition>
<srw:extraRecordData>
<ixm:attr name="CreationDate">20120717</ixm:attr>
<ixm:attr name="LastModificationDate">20130527</ixm:attr>
<mn:score>0.070954785</mn:score>
</srw:extraRecordData>
</srw:record>