
<srw:record>
<srw:recordSchema>marcxchange</srw:recordSchema>
<srw:recordPacking>xml</srw:recordPacking>
<srw:recordData>
<mxc:record xmlns:mxc="info:lc/xmlns/marcxchange-v2" format="INTERMARC" id="ark:/12148/cb39034632g" type="Bibliographic">   <mxc:leader>00324c9 m 2200027   45a </mxc:leader>   <mxc:controlfield tag="001">FRBNF390346320000005</mxc:controlfield>   <mxc:controlfield tag="003">http://catalogue.bnf.fr/ark:/12148/cb39034632g</mxc:controlfield>   <mxc:controlfield tag="008">030722s                      deger     b      </mxc:controlfield>   <mxc:controlfield tag="009">a                  </mxc:controlfield>   <mxc:datafield tag="020" ind1=" " ind2=" ">      <mxc:subfield code="a">3-476-01977-2</mxc:subfield>   </mxc:datafield>   <mxc:datafield tag="051" ind1=" " ind2=" ">      <mxc:subfield code="a">txt</mxc:subfield>      <mxc:subfield code="b">n</mxc:subfield>   </mxc:datafield>   <mxc:datafield tag="245" ind1="1" ind2=" ">      <mxc:subfield code="a">Kinder- und Jugendliteraturforschung 2002 / 2003</mxc:subfield>   </mxc:datafield>   <mxc:datafield tag="260" ind1=" " ind2=" ">      <mxc:subfield code="a">Stuttgart</mxc:subfield>      <mxc:subfield code="c">Metzler</mxc:subfield>      <mxc:subfield code="d">2003</mxc:subfield>   </mxc:datafield>   <mxc:datafield tag="470" ind1=" " ind2="0">      <mxc:subfield code="3">40142833</mxc:subfield>      <mxc:subfield code="t">Kinder- und Jugendliteraturforschung</mxc:subfield>      <mxc:subfield code="x">1613-477X</mxc:subfield>      <mxc:subfield code="v">2002-2003</mxc:subfield>   </mxc:datafield>
</mxc:record>      </srw:recordData>
<srw:recordIdentifier>ark:/12148/cb39034632g</srw:recordIdentifier>
<srw:recordPosition>8</srw:recordPosition>
<srw:extraRecordData>
<ixm:attr name="CreationDate">20030722</ixm:attr>
<ixm:attr name="LastModificationDate">20060412</ixm:attr>
<mn:score>0.070879444</mn:score>
</srw:extraRecordData>
</srw:record>