
<srw:record>
<srw:recordSchema>marcxchange</srw:recordSchema>
<srw:recordPacking>xml</srw:recordPacking>
<srw:recordData>
<mxc:record xmlns:mxc="info:lc/xmlns/marcxchange-v2" format="INTERMARC" id="ark:/12148/cb41868404n" type="Bibliographic">   <mxc:leader>00281c6 m 22000271  45a </mxc:leader>   <mxc:controlfield tag="001">FRBNF418684040000007</mxc:controlfield>   <mxc:controlfield tag="003">http://catalogue.bnf.fr/ark:/12148/cb41868404n</mxc:controlfield>   <mxc:controlfield tag="008">140401s 198.                 itita     b  001 </mxc:controlfield>   <mxc:controlfield tag="009">a                  </mxc:controlfield>   <mxc:datafield tag="051" ind1=" " ind2=" ">      <mxc:subfield code="a">txt</mxc:subfield>      <mxc:subfield code="b">n</mxc:subfield>   </mxc:datafield>   <mxc:datafield tag="245" ind1="1" ind2=" ">      <mxc:subfield code="a">La fantascienza</mxc:subfield>      <mxc:subfield code="d">Texte imprimé</mxc:subfield>   </mxc:datafield>   <mxc:datafield tag="260" ind1=" " ind2=" ">      <mxc:subfield code="a">Genova</mxc:subfield>      <mxc:subfield code="d">198.</mxc:subfield>   </mxc:datafield>   <mxc:datafield tag="280" ind1=" " ind2=" ">      <mxc:subfield code="a">1 vol.</mxc:subfield>      <mxc:subfield code="d">25 cm</mxc:subfield>   </mxc:datafield>   <mxc:datafield tag="470" ind1=" " ind2="1">      <mxc:subfield code="3">44359085</mxc:subfield>      <mxc:subfield code="t">Quaderno di LG argomenti</mxc:subfield>      <mxc:subfield code="v">3</mxc:subfield>   </mxc:datafield>   <mxc:datafield tag="690" ind1=" " ind2=" ">      <mxc:subfield code="a">UnivJeun0</mxc:subfield>   </mxc:datafield>
</mxc:record>      </srw:recordData>
<srw:recordIdentifier>ark:/12148/cb41868404n</srw:recordIdentifier>
<srw:recordPosition>10</srw:recordPosition>
<srw:extraRecordData>
<ixm:attr name="CreationDate">20141215</ixm:attr>
<ixm:attr name="LastModificationDate">20150618</ixm:attr>
<mn:score>0.070879444</mn:score>
</srw:extraRecordData>
</srw:record>