
<srw:record>
<srw:recordSchema>marcxchange</srw:recordSchema>
<srw:recordPacking>xml</srw:recordPacking>
<srw:recordData>
<mxc:record xmlns:mxc="info:lc/xmlns/marcxchange-v2" format="INTERMARC" id="ark:/12148/cb444108918" type="Bibliographic">   <mxc:leader>00295c9 m 2200027   45a </mxc:leader>   <mxc:controlfield tag="001">FRBNF444108910000004</mxc:controlfield>   <mxc:controlfield tag="003">http://catalogue.bnf.fr/ark:/12148/cb444108918</mxc:controlfield>   <mxc:controlfield tag="008">150908s 2014                 useng     b      </mxc:controlfield>   <mxc:controlfield tag="009">a                  </mxc:controlfield>   <mxc:datafield tag="051" ind1=" " ind2=" ">      <mxc:subfield code="a">txt</mxc:subfield>      <mxc:subfield code="b">n</mxc:subfield>   </mxc:datafield>   <mxc:datafield tag="245" ind1="9" ind2=" ">      <mxc:subfield code="a">The Horn Book magazine</mxc:subfield>      <mxc:subfield code="h">90, n° 4</mxc:subfield>      <mxc:subfield code="i">July 2014</mxc:subfield>      <mxc:subfield code="d">Texte imprimé</mxc:subfield>   </mxc:datafield>   <mxc:datafield tag="260" ind1=" " ind2=" ">      <mxc:subfield code="d">2014</mxc:subfield>   </mxc:datafield>   <mxc:datafield tag="280" ind1=" " ind2=" ">      <mxc:subfield code="a">1 n°</mxc:subfield>   </mxc:datafield>   <mxc:datafield tag="470" ind1=" " ind2="1">      <mxc:subfield code="3">40058215</mxc:subfield>      <mxc:subfield code="t">The Horn book magazine (1945)</mxc:subfield>      <mxc:subfield code="x">0018-5078</mxc:subfield>      <mxc:subfield code="v">90,4</mxc:subfield>   </mxc:datafield>
</mxc:record>      </srw:recordData>
<srw:recordIdentifier>ark:/12148/cb444108918</srw:recordIdentifier>
<srw:recordPosition>14</srw:recordPosition>
<srw:extraRecordData>
<ixm:attr name="CreationDate">20150908</ixm:attr>
<ixm:attr name="LastModificationDate">20161107</ixm:attr>
<mn:score>0.070730805</mn:score>
</srw:extraRecordData>
</srw:record>