
<srw:record>
<srw:recordSchema>marcxchange</srw:recordSchema>
<srw:recordPacking>xml</srw:recordPacking>
<srw:recordData>
<mxc:record xmlns:mxc="info:lc/xmlns/marcxchange-v2" format="INTERMARC" id="ark:/12148/cb44725777c" type="Bibliographic">   <mxc:leader>00344n6 m 22000271h 45a </mxc:leader>   <mxc:controlfield tag="001">FRBNF447257770000004</mxc:controlfield>   <mxc:controlfield tag="003">http://catalogue.bnf.fr/ark:/12148/cb44725777c</mxc:controlfield>   <mxc:controlfield tag="008">170831n                      xxchi     1 a001 </mxc:controlfield>   <mxc:datafield tag="245" ind1="1" ind2=" ">      <mxc:subfield code="w">....bachi.</mxc:subfield>      <mxc:subfield code="a">Xin tang shu</mxc:subfield>      <mxc:subfield code="h">16</mxc:subfield>      <mxc:subfield code="i">Chuan</mxc:subfield>      <mxc:subfield code="d">Texte imprimé</mxc:subfield>   </mxc:datafield>   <mxc:datafield tag="245" ind1="1" ind2=" ">      <mxc:subfield code="w">....1.chi.</mxc:subfield>      <mxc:subfield code="a">新唐書</mxc:subfield>      <mxc:subfield code="h">16</mxc:subfield>      <mxc:subfield code="i">傳</mxc:subfield>      <mxc:subfield code="d">Texte imprimé</mxc:subfield>   </mxc:datafield>   <mxc:datafield tag="260" ind1=" " ind2=" ">      <mxc:subfield code="w">....b.fre.</mxc:subfield>      <mxc:subfield code="a">[S.l.]</mxc:subfield>      <mxc:subfield code="d">[s.d.]</mxc:subfield>   </mxc:datafield>   <mxc:datafield tag="280" ind1=" " ind2=" ">      <mxc:subfield code="a">1 vol. (卷 153-170)</mxc:subfield>   </mxc:datafield>   <mxc:datafield tag="460" ind1=" " ind2=" ">      <mxc:subfield code="3">44725769</mxc:subfield>      <mxc:subfield code="t">Xin tang shu</mxc:subfield>   </mxc:datafield>   <mxc:datafield tag="917" ind1=" " ind2=" ">      <mxc:subfield code="o">SOA</mxc:subfield>      <mxc:subfield code="a">CHSLM003680PV008</mxc:subfield>   </mxc:datafield>
</mxc:record>      </srw:recordData>
<srw:recordIdentifier>ark:/12148/cb44725777c</srw:recordIdentifier>
<srw:recordPosition>20</srw:recordPosition>
<srw:extraRecordData>
<ixm:attr name="CreationDate">20180413</ixm:attr>
<ixm:attr name="LastModificationDate">20180413</ixm:attr>
<mn:score>0.070730805</mn:score>
</srw:extraRecordData>
</srw:record>