
<srw:record>
<srw:recordSchema>marcxchange</srw:recordSchema>
<srw:recordPacking>xml</srw:recordPacking>
<srw:recordData>
<mxc:record xmlns:mxc="info:lc/xmlns/marcxchange-v2" format="INTERMARC" id="ark:/12148/cb39246780n" type="Bibliographic">   <mxc:leader>00350c9 m 2200027   45a </mxc:leader>   <mxc:controlfield tag="001">FRBNF392467800000006</mxc:controlfield>   <mxc:controlfield tag="003">http://catalogue.bnf.fr/ark:/12148/cb39246780n</mxc:controlfield>   <mxc:controlfield tag="008">040930s 1981                 frfre     b  001 </mxc:controlfield>   <mxc:controlfield tag="009">a  d               </mxc:controlfield>   <mxc:datafield tag="051" ind1=" " ind2=" ">      <mxc:subfield code="a">txt</mxc:subfield>      <mxc:subfield code="b">n</mxc:subfield>   </mxc:datafield>   <mxc:datafield tag="100" ind1=" " ind2=" ">      <mxc:subfield code="3">12625894</mxc:subfield>      <mxc:subfield code="1">ISNI0000000081762314</mxc:subfield>      <mxc:subfield code="w">.0..b.....</mxc:subfield>      <mxc:subfield code="a">Millot</mxc:subfield>      <mxc:subfield code="m">Bernard</mxc:subfield>      <mxc:subfield code="d">1929-....</mxc:subfield>      <mxc:subfield code="4">0070</mxc:subfield>   </mxc:datafield>   <mxc:datafield tag="245" ind1="1" ind2=" ">      <mxc:subfield code="a">La bataille aéronavale des Mariannes</mxc:subfield>      <mxc:subfield code="d">Texte imprimé</mxc:subfield>   </mxc:datafield>   <mxc:datafield tag="260" ind1=" " ind2=" ">      <mxc:subfield code="a">Paris</mxc:subfield>      <mxc:subfield code="c">Larivière</mxc:subfield>      <mxc:subfield code="d">1981</mxc:subfield>   </mxc:datafield>   <mxc:datafield tag="295" ind1="1" ind2=" ">      <mxc:subfield code="a">Docavia</mxc:subfield>      <mxc:subfield code="v">14</mxc:subfield>   </mxc:datafield>   <mxc:datafield tag="410" ind1=" " ind2=" ">      <mxc:subfield code="3">34243960</mxc:subfield>      <mxc:subfield code="t">Docavia</mxc:subfield>      <mxc:subfield code="x">0764-9185</mxc:subfield>      <mxc:subfield code="v">14</mxc:subfield>   </mxc:datafield>
</mxc:record>      </srw:recordData>
<srw:recordIdentifier>ark:/12148/cb39246780n</srw:recordIdentifier>
<srw:recordPosition>22</srw:recordPosition>
<srw:extraRecordData>
<ixm:attr name="CreationDate">20040930</ixm:attr>
<ixm:attr name="LastModificationDate">20230713</ixm:attr>
<mn:score>0.07058483</mn:score>
</srw:extraRecordData>
</srw:record>