
<srw:record>
<srw:recordSchema>marcxchange</srw:recordSchema>
<srw:recordPacking>xml</srw:recordPacking>
<srw:recordData>
<mxc:record xmlns:mxc="info:lc/xmlns/marcxchange-v2" format="INTERMARC" id="ark:/12148/cb409996806" type="Bibliographic">   <mxc:leader>00354n0 m 22000271h 45a </mxc:leader>   <mxc:controlfield tag="001">FRBNF409996800000006</mxc:controlfield>   <mxc:controlfield tag="003">http://catalogue.bnf.fr/ark:/12148/cb409996806</mxc:controlfield>   <mxc:controlfield tag="008">070319s 1843                 frfre     b  001 </mxc:controlfield>   <mxc:controlfield tag="009">a                  </mxc:controlfield>   <mxc:datafield tag="051" ind1=" " ind2=" ">      <mxc:subfield code="a">txt</mxc:subfield>      <mxc:subfield code="b">n</mxc:subfield>   </mxc:datafield>   <mxc:datafield tag="245" ind1="1" ind2=" ">      <mxc:subfield code="a">Instructions pour les tirailleurs</mxc:subfield>      <mxc:subfield code="d">Texte imprimé</mxc:subfield>   </mxc:datafield>   <mxc:datafield tag="260" ind1=" " ind2=" ">      <mxc:subfield code="a">Avignon</mxc:subfield>      <mxc:subfield code="c">Blot</mxc:subfield>      <mxc:subfield code="d">1843</mxc:subfield>   </mxc:datafield>   <mxc:datafield tag="280" ind1=" " ind2=" ">      <mxc:subfield code="a">74 p.</mxc:subfield>      <mxc:subfield code="c">ill.</mxc:subfield>      <mxc:subfield code="d">In-16</mxc:subfield>   </mxc:datafield>   <mxc:datafield tag="460" ind1=" " ind2=" ">      <mxc:subfield code="3">40999448</mxc:subfield>      <mxc:subfield code="t">Bibliothèque des sous-officiers et caporaux d'infanterie</mxc:subfield>      <mxc:subfield code="v">2</mxc:subfield>   </mxc:datafield>   <mxc:datafield tag="750" ind1=" " ind2="4">      <mxc:subfield code="a">École des tirailleurs</mxc:subfield>   </mxc:datafield>
</mxc:record>      </srw:recordData>
<srw:recordIdentifier>ark:/12148/cb409996806</srw:recordIdentifier>
<srw:recordPosition>24</srw:recordPosition>
<srw:extraRecordData>
<ixm:attr name="CreationDate">20070319</ixm:attr>
<ixm:attr name="LastModificationDate">20070319</ixm:attr>
<mn:score>0.07058483</mn:score>
</srw:extraRecordData>
</srw:record>