
<srw:record>
<srw:recordSchema>marcxchange</srw:recordSchema>
<srw:recordPacking>xml</srw:recordPacking>
<srw:recordData>
<mxc:record xmlns:mxc="info:lc/xmlns/marcxchange-v2" format="INTERMARC" id="ark:/12148/cb33140244z" type="Bibliographic">   <mxc:leader>00442n6 m 22000271h 45a </mxc:leader>   <mxc:controlfield tag="001">FRBNF331402440000001</mxc:controlfield>   <mxc:controlfield tag="003">http://catalogue.bnf.fr/ark:/12148/cb33140244z</mxc:controlfield>   <mxc:controlfield tag="008">970701s 1958       ..... ....plpol     b      </mxc:controlfield>   <mxc:controlfield tag="009">a                  </mxc:controlfield>   <mxc:datafield tag="051" ind1=" " ind2=" ">      <mxc:subfield code="a">txt</mxc:subfield>      <mxc:subfield code="b">n</mxc:subfield>   </mxc:datafield>   <mxc:datafield tag="245" ind1="1" ind2=" ">      <mxc:subfield code="a">Polski słownik biograficzny</mxc:subfield>      <mxc:subfield code="h">7</mxc:subfield>      <mxc:subfield code="i">Zeszyt 5 (35). Genga Simone-Geniusz Mieczysław</mxc:subfield>      <mxc:subfield code="d">Texte imprimé</mxc:subfield>   </mxc:datafield>   <mxc:datafield tag="260" ind1=" " ind2=" ">      <mxc:subfield code="a">Kraków</mxc:subfield>      <mxc:subfield code="c">Polska Akademia umieje̡tności, puis Polska Akademia nauk</mxc:subfield>      <mxc:subfield code="d">1958</mxc:subfield>   </mxc:datafield>   <mxc:datafield tag="280" ind1=" " ind2=" ">      <mxc:subfield code="a">In-4° (28 cm), Paginé 385-479 [Ech. int. 1021-61]</mxc:subfield>   </mxc:datafield>   <mxc:datafield tag="460" ind1=" " ind2=" ">      <mxc:subfield code="3">33140243</mxc:subfield>      <mxc:subfield code="v">7</mxc:subfield>   </mxc:datafield>   <mxc:datafield tag="917" ind1=" " ind2=" ">      <mxc:subfield code="o">CRI</mxc:subfield>      <mxc:subfield code="a">LX001706260501PV001</mxc:subfield>   </mxc:datafield>
</mxc:record>      </srw:recordData>
<srw:recordIdentifier>ark:/12148/cb33140244z</srw:recordIdentifier>
<srw:recordPosition>26</srw:recordPosition>
<srw:extraRecordData>
<ixm:attr name="CreationDate">19970701</ixm:attr>
<ixm:attr name="LastModificationDate">19970701</ixm:attr>
<mn:score>0.07058483</mn:score>
</srw:extraRecordData>
</srw:record>