
<srw:record>
<srw:recordSchema>marcxchange</srw:recordSchema>
<srw:recordPacking>xml</srw:recordPacking>
<srw:recordData>
<mxc:record xmlns:mxc="info:lc/xmlns/marcxchange-v2" format="INTERMARC" id="ark:/12148/cb39018738c" type="Bibliographic">   <mxc:leader>00326c9 m 2200027   45s </mxc:leader>   <mxc:controlfield tag="001">FRBNF390187380000005</mxc:controlfield>   <mxc:controlfield tag="003">http://catalogue.bnf.fr/ark:/12148/cb39018738c</mxc:controlfield>   <mxc:controlfield tag="008">030623s                      frfre     b  001 </mxc:controlfield>   <mxc:controlfield tag="009">s                   </mxc:controlfield>   <mxc:datafield tag="044" ind1=" " ind2=" ">      <mxc:subfield code="g">b20030623</mxc:subfield>   </mxc:datafield>   <mxc:datafield tag="050" ind1=" " ind2=" ">      <mxc:subfield code="a">s03</mxc:subfield>      <mxc:subfield code="c">12 cm</mxc:subfield>   </mxc:datafield>   <mxc:datafield tag="051" ind1=" " ind2=" ">      <mxc:subfield code="a">mm9</mxc:subfield>      <mxc:subfield code="b">c</mxc:subfield>   </mxc:datafield>   <mxc:datafield tag="245" ind1="1" ind2=" ">      <mxc:subfield code="a">THERMIQUE DU BATIMENT</mxc:subfield>   </mxc:datafield>   <mxc:datafield tag="250" ind1=" " ind2=" ">      <mxc:subfield code="a">depuis n°1</mxc:subfield>   </mxc:datafield>   <mxc:datafield tag="280" ind1=" " ind2=" ">      <mxc:subfield code="a">disque optique numérique (CD-ROM)</mxc:subfield>      <mxc:subfield code="d">12 cm</mxc:subfield>   </mxc:datafield>   <mxc:datafield tag="470" ind1=" " ind2="1">      <mxc:subfield code="3">41007664</mxc:subfield>      <mxc:subfield code="t">Thermique du bâtiment</mxc:subfield>      <mxc:subfield code="x">1956-7995</mxc:subfield>      <mxc:subfield code="d">2003</mxc:subfield>   </mxc:datafield>
</mxc:record>      </srw:recordData>
<srw:recordIdentifier>ark:/12148/cb39018738c</srw:recordIdentifier>
<srw:recordPosition>28</srw:recordPosition>
<srw:extraRecordData>
<ixm:attr name="CreationDate">20030623</ixm:attr>
<ixm:attr name="LastModificationDate">20110428</ixm:attr>
<mn:score>0.07058483</mn:score>
</srw:extraRecordData>
</srw:record>