
<srw:record>
<srw:recordSchema>marcxchange</srw:recordSchema>
<srw:recordPacking>xml</srw:recordPacking>
<srw:recordData>
<mxc:record xmlns:mxc="info:lc/xmlns/marcxchange-v2" format="INTERMARC" id="ark:/12148/cb39246790z" type="Bibliographic">   <mxc:leader>00369c9 m 2200027   45a </mxc:leader>   <mxc:controlfield tag="001">FRBNF392467900000002</mxc:controlfield>   <mxc:controlfield tag="003">http://catalogue.bnf.fr/ark:/12148/cb39246790z</mxc:controlfield>   <mxc:controlfield tag="008">040930s 1980                 frfre     b  001 </mxc:controlfield>   <mxc:controlfield tag="009">a  d               </mxc:controlfield>   <mxc:datafield tag="051" ind1=" " ind2=" ">      <mxc:subfield code="a">txt</mxc:subfield>      <mxc:subfield code="b">n</mxc:subfield>   </mxc:datafield>   <mxc:datafield tag="100" ind1=" " ind2=" ">      <mxc:subfield code="3">14606260</mxc:subfield>      <mxc:subfield code="1">ISNI000000000139185X</mxc:subfield>      <mxc:subfield code="w">.0..b.....</mxc:subfield>      <mxc:subfield code="a">Cuny</mxc:subfield>      <mxc:subfield code="m">Jean</mxc:subfield>      <mxc:subfield code="d">1925-1992</mxc:subfield>      <mxc:subfield code="4">0070</mxc:subfield>   </mxc:datafield>   <mxc:datafield tag="245" ind1="1" ind2=" ">      <mxc:subfield code="a">Les chasseurs Dassault</mxc:subfield>      <mxc:subfield code="d">Texte imprimé</mxc:subfield>      <mxc:subfield code="e">Ouragans, mystères et super-mystères</mxc:subfield>   </mxc:datafield>   <mxc:datafield tag="260" ind1=" " ind2=" ">      <mxc:subfield code="a">Paris</mxc:subfield>      <mxc:subfield code="c">Larivière</mxc:subfield>      <mxc:subfield code="d">1980</mxc:subfield>   </mxc:datafield>   <mxc:datafield tag="295" ind1="1" ind2=" ">      <mxc:subfield code="a">Docavia</mxc:subfield>      <mxc:subfield code="v">13</mxc:subfield>   </mxc:datafield>   <mxc:datafield tag="410" ind1=" " ind2=" ">      <mxc:subfield code="3">34243960</mxc:subfield>      <mxc:subfield code="t">Docavia</mxc:subfield>      <mxc:subfield code="x">0764-9185</mxc:subfield>      <mxc:subfield code="v">13</mxc:subfield>   </mxc:datafield>
</mxc:record>      </srw:recordData>
<srw:recordIdentifier>ark:/12148/cb39246790z</srw:recordIdentifier>
<srw:recordPosition>29</srw:recordPosition>
<srw:extraRecordData>
<ixm:attr name="CreationDate">20040930</ixm:attr>
<ixm:attr name="LastModificationDate">20230713</ixm:attr>
<mn:score>0.07044146</mn:score>
</srw:extraRecordData>
</srw:record>
<srw:record>
<srw:recordSchema>marcxchange</srw:recordSchema>
<srw:recordPacking>xml</srw:recordPacking>
<srw:recordData>
<mxc:record xmlns:mxc="info:lc/xmlns/marcxchange-v2" format="INTERMARC" id="ark:/12148/cb39507010g" type="Bibliographic">   <mxc:leader>00269n5 m 2200027   45a </mxc:leader>   <mxc:controlfield tag="001">FRBNF395070100000001</mxc:controlfield>   <mxc:controlfield tag="003">http://catalogue.bnf.fr/ark:/12148/cb39507010g</mxc:controlfield>   <mxc:controlfield tag="008">010405s 1976                 frfre     b      </mxc:controlfield>   <mxc:controlfield tag="009">a  d i             </mxc:controlfield>   <mxc:datafield tag="051" ind1=" " ind2=" ">      <mxc:subfield code="a">txt</mxc:subfield>      <mxc:subfield code="b">n</mxc:subfield>   </mxc:datafield>   <mxc:datafield tag="440" ind1=" " ind2=" ">      <mxc:subfield code="3">39489670</mxc:subfield>      <mxc:subfield code="t">La cerisaie / mise en scène de Anatoli Efros</mxc:subfield>      <mxc:subfield code="l">Paris : Odéon-Théâtre de l'Europe</mxc:subfield>      <mxc:subfield code="d">19870204</mxc:subfield>   </mxc:datafield>   <mxc:datafield tag="917" ind1=" " ind2=" ">      <mxc:subfield code="o">OPJ</mxc:subfield>      <mxc:subfield code="a">000492990</mxc:subfield>   </mxc:datafield>
</mxc:record>      </srw:recordData>
<srw:recordIdentifier>ark:/12148/cb39507010g</srw:recordIdentifier>
<srw:recordPosition>30</srw:recordPosition>
<srw:extraRecordData>
<ixm:attr name="CreationDate">20010405</ixm:attr>
<ixm:attr name="LastModificationDate">20010405</ixm:attr>
<mn:score>0.07044146</mn:score>
</srw:extraRecordData>
</srw:record>
</srw:records>
<srw:nextRecordPosition>31</srw:nextRecordPosition>
</srw:searchRetrieveResponse>
